<record xmlns="http://www.loc.gov/MARC21/slim" xmlns:xsi="http://www.w3.org/2001/XMLSchema-instance" xsi:schemaLocation="http://www.loc.gov/MARC21/slim http://www.loc.gov/standards/marcxml/schema/MARC21slim.xsd">

  <leader>01775nab a2200169   4500</leader>
  <controlfield tag="005">20160331135000.0</controlfield>
  <controlfield tag="008">151211b2006    cr ||||| |||| 00| 0 spa d</controlfield>
  <datafield ind2=" " tag="090" ind1=" ">
    <subfield code="a">REVIS 06.02.01</subfield>
  </datafield>
  <datafield ind1="1" tag="100" ind2=" ">
    <subfield code="9">959</subfield>
    <subfield code="a">Contreras Montes de Oca, Ileana</subfield>
  </datafield>
  <datafield ind1="1" tag="245" ind2="0">
    <subfield code="a">Propuesta de un referente conceptual para posicionarse frente a los retos de la educación secundaria y algunos lineamientos para orientar su reformulación /</subfield>
    <subfield code="c">Ileana Contreras Montes de Oca</subfield>
  </datafield>
  <datafield ind1=" " tag="260" ind2=" ">
    <subfield code="a">San José, Costa Rica :</subfield>
    <subfield code="b">Editorial Universidad de Costa Rica,</subfield>
    <subfield code="c">2006</subfield>
  </datafield>
  <datafield ind1=" " tag="300" ind2=" ">
    <subfield code="a">páginas 83-101</subfield>
  </datafield>
  <datafield tag="520" ind1=" " ind2=" ">
    <subfield code="a">El artículo es producto de un análisis bibliográfico acerca del tema, el cual sustenta la propuesta y ls lineamientos derivados de este. Recoge los diversos retos, dilemas y desafíos que se han venido planteando a la educación secundaria, tanto en el contexto mundial, como en el latinoamericano y del Caribe, en el marco de las transformaciones  del  contexto socioeconómico, político y cultural en que se  desarrolla. Plantea la necesidad de abordar  la lectura del amplio mapa de expectativas existentes respecto de dicho nivel educativo, desde un refernte conceptual integrador de las distintas miradas y enfoques con que se han abordado sus problemas. Esboza algunos conceptos  que deben incluirse en este referente. Finalmente, a manera de conclusión, sobre la base de  los conceptos propuestos, establece algunos lineamientos para orientar los esfuerzos  dirigidos a atender las  diversas demandas y retos a las que actualmente se  enfrenta la educación secundaria costarricense</subfield>
  </datafield>
  <datafield ind2="4" tag="650" ind1="1">
    <subfield code="9">1</subfield>
    <subfield code="a">EDUCACIÓN</subfield>
  </datafield>
  <datafield tag="773" ind1="0" ind2=" ">
    <subfield code="d">San José, Costa Rica : Editorial de la Universidad de Costa Rica, 1997-</subfield>
    <subfield code="o">R0306</subfield>
    <subfield code="t">EDUCACIÓN: Revista de la Universidad de Costa Rica</subfield>
    <subfield code="g">Vol.30, no.1 (2006)</subfield>
  </datafield>
  <datafield ind2=" " ind1=" " tag="942">
    <subfield code="2">z</subfield>
    <subfield code="c">10</subfield>
  </datafield>
  <datafield ind2=" " ind1=" " tag="999">
    <subfield code="c">2959</subfield>
    <subfield code="d">2959</subfield>
  </datafield>
</record>